<record><leader>00000cas a22000007a 4500</leader><controlfield tag="001">9661590</controlfield><controlfield tag="008">830630d183918uuohuwr ne      0    0ger d</controlfield><datafield ind1=" " ind2=" " tag="010"><subfield code="a">sn 83035281 </subfield></datafield><datafield ind1=" " ind2=" " tag="040"><subfield code="a">NPY</subfield><subfield code="b">eng</subfield><subfield code="c">NPY</subfield><subfield code="d">NPX</subfield><subfield code="d">DLC</subfield><subfield code="d">NPY</subfield><subfield code="d">ONP</subfield><subfield code="d">YOX</subfield><subfield code="d">CRL</subfield><subfield code="d">OCL</subfield><subfield code="d">OCLCQ</subfield><subfield code="d">OCLCF</subfield><subfield code="d">OCLCO</subfield></datafield><datafield ind1=" " ind2=" " tag="042"><subfield code="a">msc</subfield></datafield><datafield ind1=" " ind2=" " tag="043"><subfield code="a">n-us-oh</subfield></datafield><datafield ind1="0" ind2="0" tag="245"><subfield code="a">Wo&#776;chentliches Volksblatt.</subfield></datafield><datafield ind1="1" ind2="3" tag="246"><subfield code="a">Volksblatt</subfield></datafield><datafield ind1=" " ind2=" " tag="260"><subfield code="a">Cincinnati [Ohio] :</subfield><subfield code="b">Volksblatt Aktien-Gesellschaft</subfield></datafield><datafield ind1=" " ind2=" " tag="300"><subfield code="a">v. ;</subfield><subfield code="c">69 cm.</subfield></datafield><datafield ind1=" " ind2=" " tag="310"><subfield code="a">Weekly</subfield></datafield><datafield ind1="1" ind2=" " tag="362"><subfield code="a">Began in Nov. 1839.</subfield><subfield code="z">Cf. Arndt, K and Olson, M. German lang. press of the Americas.</subfield></datafield><datafield ind1=" " ind2=" " tag="546"><subfield code="a">In German.</subfield></datafield><datafield ind1=" " ind2=" " tag="580"><subfield code="a">Daily eds.: Volksblatt (Cincinnati, Ohio : 1836), Nov. 1839-Aug. 17, 1853, and: Ta&#776;gliches Volksblatt, Aug. 18, 1853-Dec. 4, 1858, and: Ta&#776;gliches Cincinnati Volksblatt, Dec. 5, 1858-1885.</subfield></datafield><datafield ind1=" " ind2=" " tag="588"><subfield code="a">Description based on: Jahrg. 28, Nr. 45 (3. Ma&#776;rz 1864).</subfield></datafield><datafield ind1=" " ind2="0" tag="650"><subfield code="a">Germans</subfield><subfield code="z">Ohio</subfield><subfield code="v">Newspapers.</subfield></datafield><datafield ind1=" " ind2="0" tag="650"><subfield code="a">German Americans</subfield><subfield code="v">Newspapers.</subfield></datafield><datafield ind1=" " ind2="0" tag="651"><subfield code="a">Cincinnati (Ohio)</subfield><subfield code="v">Newspapers.</subfield></datafield><datafield ind1=" " ind2="7" tag="655"><subfield code="a">Newspapers.</subfield><subfield code="2">fast</subfield><subfield code="0">(OCoLC)fst01423814</subfield></datafield><datafield ind1=" " ind2="7" tag="650"><subfield code="a">German Americans.</subfield><subfield code="2">fast</subfield><subfield code="0">(OCoLC)fst00941308</subfield></datafield><datafield ind1=" " ind2="7" tag="650"><subfield code="a">Germans.</subfield><subfield code="2">fast</subfield><subfield code="0">(OCoLC)fst00942100</subfield></datafield><datafield ind1=" " ind2="7" tag="651"><subfield code="a">Ohio.</subfield><subfield code="2">fast</subfield><subfield code="0">(OCoLC)fst01205075</subfield></datafield><datafield ind1=" " ind2="7" tag="651"><subfield code="a">Ohio</subfield><subfield code="z">Cincinnati.</subfield><subfield code="2">fast</subfield><subfield code="0">(OCoLC)fst01205142</subfield></datafield><datafield ind1=" " ind2=" " tag="752"><subfield code="a">United States</subfield><subfield code="b">Ohio</subfield><subfield code="c">Hamilton</subfield><subfield code="d">Cincinnati.</subfield></datafield><datafield ind1="1" ind2=" " tag="775"><subfield code="t">Volksblatt (Cincinnati, Ohio : 1836)</subfield><subfield code="w">(DLC)sn 83035282</subfield><subfield code="w">(OCoLC)9661486</subfield></datafield><datafield ind1="1" ind2=" " tag="775"><subfield code="t">Ta&#776;gliches Volksblatt</subfield><subfield code="w">(DLC)sn 85042364</subfield><subfield code="w">(OCoLC)12279372</subfield></datafield><datafield ind1="1" ind2=" " tag="775"><subfield code="t">Ta&#776;gliches Cincinnati Volksblatt</subfield><subfield code="w">(DLC)sn 83035283</subfield><subfield code="w">(OCoLC)9661560</subfield></datafield><datafield ind1="0" ind2="0" tag="785"><subfield code="t">Cincinnati Volksblatt</subfield><subfield code="w">(DLC)sn 85025704</subfield><subfield code="w">(OCoLC)11884386</subfield></datafield></record>